
@misc{Vandewiele2020,
	title = {Predicting {mRNA} {Degradation} using {GNNs} and {RNNs} in the {Search} for a {COVID}-19 {Vaccine}},
	url = {https://towardsdatascience.com/predicting-mrna-degradation-using-gnns-and-rnns-in-the-search-for-a-covid-19-vaccine-b3070d20b2e5},
	urldate = {2021-07-06},
	journal = {Predicting mRNA Degradation using GNNs and RNNs in the Search for a COVID-19 Vaccine},
	author = {Vandewiele, Gilles},
	year = {2020},
}

@article{Hie2021,
	title = {Learning the language of viral evolution and escape},
	url = {https://science.sciencemag.org/content/371/6526/284},
	urldate = {2021-07-05},
	journal = {Science},
	author = {Hie, Brian and Zhong, Ellen D. and Berger, Bonnie and Bryson, Bryan},
	year = {2021},
}

@article{Maxmen2021,
	title = {One million coronavirus sequences: popular genome site hits mega milestone},
	url = {https://www.nature.com/articles/d41586-021-01069-w},
	urldate = {2021-07-05},
	journal = {Nature},
	author = {Maxmen, Amy},
	year = {2021},
	file = {Snapshot:/Users/d070497/Zotero/storage/39E5ASME/d41586-021-01069-w.html:text/html;Full Text PDF:/Users/d070497/Zotero/storage/NP5YHHCD/Maxmen - 2021 - One million coronavirus sequences popular genome .pdf:application/pdf},
}

@misc{Gisaid2021,
	title = {{GISAID} - {Mission}},
	url = {https://www.gisaid.org/about-us/mission/},
	urldate = {2021-07-05},
	journal = {GISAID - Mission},
	author = {GISAID (editor)},
	year = {2021},
	file = {GISAID - Mission:/Users/d070497/Zotero/storage/QL66KXY2/mission.html:text/html},
}

@article{Salama2016,
	title = {The prediction of virus mutation using neural networks and rough set techniques},
	url = {https://bsb-eurasipjournals.springeropen.com/articles/10.1186/s13637-016-0042-0},
	urldate = {2021-07-05},
	journal = {EURASIP Journal on Bioinformatics and Systems Biology},
	author = {Salama, Mostafa and Hassanien, Aboul Ella and Mostafa, Ahmad},
	year = {2016},
}

@article{Singhal2021,
	title = {Application and {Comparison} of {Deep} {Learning} {Methods} in the {Prediction} of {RNA} {Sequence} {Degradation} and {Stability}},
	url = {https://arxiv.org/abs/2011.05136},
	urldate = {2021-07-06},
	journal = {arXiv},
	author = {Singhal, Ankit},
	year = {2021},
}

@article{Imran2021,
	title = {{COVID}-19 {mRNA} {Vaccine} {Degradation} {Prediction} using {Regularized} {LSTM} {Model}},
	url = {https://ieeexplore.ieee.org/document/9398044},
	urldate = {2021-07-06},
	journal = {IEEE},
	author = {Imran, Sheikh Asif and Islam, Md. Tariqul and Shahnaz, Celia and Islam, Md. Tafhimul and Imam, Omar Tawhid and Haque, Moinul},
	year = {2021},
}

@article{Berman2020,
	title = {{MutaGAN}: {A} {Seq2seq} {GAN} {Framework} to {Predict} {Mutations} of {Evolving} {Protein} {Populations}},
	url = {https://arxiv.org/abs/2008.11790},
	urldate = {2021-07-05},
	journal = {arXiv},
	author = {Berman, Daniel S. and Howser, Craig and Mehoke, Thomas and Evans, Jared D.},
	year = {2020},
}

@article{Ng2017,
	title = {dna2vec: {Consistent} vector representations of variable-length k-mers},
	url = {https://arxiv.org/abs/1701.06279},
	urldate = {2021-07-05},
	journal = {arXiv},
	author = {Ng, Patrick},
	year = {2017},
}

@misc{Kaggle2020,
	title = {{OpenVaccine}: {COVID}-19 {mRNA} {Vaccine} {Degradation} {Prediction}},
	url = {https://www.kaggle.com/c/stanford-covid-vaccine/discussion/182652},
	urldate = {2021-07-06},
	journal = {OpenVaccine: COVID-19 mRNA Vaccine Degradation Prediction},
	author = {Kaggle},
	year = {2020},
}

@article{Qaid2021,
	title = {Deep sequence modelling for predicting {COVID}-19 {mRNA} vaccine degradation},
	url = {https://doi.org/10.7717/peerj-cs.597},
	urldate = {2021-07-06},
	journal = {PeerJ Computer Science},
	author = {Qaid, Talal S. and Mazaar, Hussein and Alqahtani, Mohammed S. and Raweh, Abeer A. and Alakwaa, Wafaa},
	year = {2021},
}

@article{Mohamed2021,
	title = {Long {Short}-{Term} {Memory} {Neural} {Networks} for {RNA} {Viruses} {Mutations} {Prediction}},
	url = {https://www.hindawi.com/journals/mpe/2021/9980347/},
	urldate = {2021-08-11},
	journal = {Hindawi},
	author = {Mohamed, Takwa and Sayed, Sabah and Salah, Akram and Houssein, Essam H.},
	year = {2021},
}

@article{Wu2007,
	title = {Prediction of mutations engineered by randomness in {H5N1} neuraminidases from influenza {A} virus},
	url = {https://link.springer.com/article/10.1007/s00726-007-0579-z},
	urldate = {2021-08-13},
	journal = {SpringerLink},
	author = {Wu, Guang and Yan, Shaomin},
	year = {2007},
}

@article{Yan2007,
	title = {Prediction of mutations engineered by randomness in {H5N1} hemagglutinins of influenza {A} virus},
	url = {https://link.springer.com/article/10.1007/s00726-007-0602-4},
	urldate = {2021-08-13},
	journal = {SpringerLink},
	author = {Wu, Guang and Yan, Shaomin},
	year = {2007},
}

@article{Wu2008,
	title = {Prediction of mutations in {H1} neuraminidases from {North} {America} influenza {A} virus engineered by internal randomness},
	url = {https://link.springer.com/article/10.1007/s11030-008-9067-y},
	urldate = {2021-08-13},
	author = {Wu, Guang and Yan, Shaomin},
	year = {2008},
}
